
@inproceedings{QA2013,
author = "Yi Qian and Sibel Adal{\i}", 
title = "Extended Structural Balance Theory for Modeling Trust in Social Networks", 
booktitle = "Proceedings of Privacy, Security and Trust, PST2013",
year = 2013
}


@article{Victor:2011,
title = "Practical Aggregation Operators for Gradual Trust and Distrust",
author = "P. Victor and C. Cornelis and M. De Cock and E. Herrera-Viedma",
journal = "Fuzzy Sets and Systems",
volume =  184,
number = 1,
pages = "126-147", 
year = "2011",
}

@inproceedings{Huang:2013,
title = "A Flexible Framework for Probabilistic Models of Social Trust",
author = "Bert Huang and Angelika Kimmig and Lise Getoor and Jennifer Golbeck",
booktitle = "International Conference on Social Computing, Behavioral-Cultural Modeling, \& Prediction",
year = 2013
}

@inproceedings{Yao:2013,
 author = {Yao, Yuan and Tong, Hanghang and Yan, Xifeng and Xu, Feng and Lu, Jian},
 title = {MATRI: A Multi-aspect and Transitive Trust Inference Model},
 booktitle = {Proceedings of the 22Nd International Conference on World Wide Web},
 series = {WWW '13},
 year = {2013},
 isbn = {978-1-4503-2035-1},
 location = {Rio de Janeiro, Brazil},
 pages = {1467--1476},
 numpages = {10},
 url = {http://dl.acm.org/citation.cfm?id=2488388.2488516},
 acmid = {2488516},
 publisher = {International World Wide Web Conferences Steering Committee},
 address = {Republic and Canton of Geneva, Switzerland},
 keywords = {latent factors, multi-aspect property, prior knowledge, transitivity property, trust inference},
} 


@INPROCEEDINGS{Le:2011, 
author={Le, H.K. and Pasternack, J. and Ahmadi, H. and Gupta, M. and Sun, Y. and Abdelzaher, T. and Han, J. and Roth, D. and Szymanski, B. and Adali, S.}, 
booktitle={Information Processing in Sensor Networks (IPSN), 2011 10th International Conference on}, 
title={Apollo: Towards factfinding in participatory sensing}, 
year={2011}, 
pages={129-130}, 
}

@inproceedings{Sun:2011,
title = "Trust analysis with clustering",
author = "Manish Gupta and Yizhou Sun and Jiawei Han",
booktitle = "Proceedings of the 20th International Conference on World Wide Web",
year = "2011",
pages = "53-54",
}

@article{Yin:2008,
title = "Truth discovery with multiple conflicting information providers on the web",
author = "Xiaoxin Yin and Jiawei Han and Yu, P.S.",
journal = "IEEE Transactions on Knowledge and Data Engineering",
volume = 20,  
number = 6,
year = 2008, 
pages = "796 - 808"
}

@inproceedings{Balakrishnan:2011,
title = "SourceRank: relevance and trust assessment for deep web sources based on inter-source agreement",
author = "Raju Balakrishnan and Subbarao Kambhampati",
booktitle = "Proceedings of the 20th International Conference on World Wide Web",
year = "2011",
pages = "227-236",
}


@inproceedings{josang06,
	Address = {Pisa, Italy},
	Author = {A. Josang and S. Marsh and S. Pope},
	Booktitle = {The 4th International Conference},
	Date-Added = {2013-06-27 02:38:23 +0000},
	Date-Modified = {2013-06-27 17:15:39 +0000},
	Keywords = {Trust Management},
	Month = {May},
	Pages = {179-192},
	Publisher = {Springer Berlin Heidelberg},
	Title = {Exploring different types of trust propagation},
	Volume = {3986},
	Year = {2006}}

@inproceedings{patel05,
	Address = {Paris, France},
	Author = {J. Patel and W. Teacy and N. Jennings and M. Luck},
	Booktitle = {Third International Conference},
	Date-Added = {2013-06-27 02:36:42 +0000},
	Date-Modified = {2013-06-27 17:14:31 +0000},
	Journal = {Trust Management},
	Month = {May},
	Pages = {193-209},
	Publisher = {Springer Berlin Heidelberg},
	Title = {A probabilistic trust model for handling inaccurate reputation sources},
	Volume = {3477},
	Year = {2005}}

@inproceedings{moletrust,
	Address = {New York},
	Author = {P. Avesani and P. Massa and R. Tiella},
	Booktitle = {The 2005 ACM symposium on Applied computing},
	Date-Added = {2013-06-27 02:31:28 +0000},
	Date-Modified = {2013-06-27 16:58:42 +0000},
	Number = { },
	Pages = {1589-1593},
	Publisher = {ACM Press},
	Title = {A trust-enhanced recommender system application: Moleskiing},
	Volume = { },
	Year = {2005}}

@inproceedings{Singh08,
	Author = {C. Hang and Y. Wang and M. Singh},
	Booktitle = {The 7th International Joint Conference on Autonomous Agents and Multiagent Systems},
	Date-Added = {2013-06-27 02:31:15 +0000},
	Date-Modified = {2013-06-27 02:36:09 +0000},
	Pages = {1485-1488},
	Title = {An adaptive probabilistic trust model and its evaluation},
	Volume = {3},
	Year = {2008}}

@article{sunny,
	Author = {U. Kuter and J. Golbeck},
	Date-Added = {2013-06-27 02:29:13 +0000},
	Date-Modified = {2013-06-27 02:30:59 +0000},
	Journal = {ACM Transaction Internet Techology},
	Number = {2},
	Pages = {1-23},
	Title = {Using probabilistic confidence models for trust inference in web-based social networks},
	Volume = {10},
	Year = {2010}}

@inproceedings{appleseed,
	Address = {Taipei, Taiwan},
	Author = {Cai-Nicolas Ziegler and G. Lausen},
	Booktitle = {The IEEE International Conference on e-Technology, e-Commerce and e-Service},
	Date-Added = {2013-06-27 02:25:51 +0000},
	Date-Modified = {2013-06-27 02:29:10 +0000},
	Publisher = {IEEE Computer Society},
	Title = {Spreading activation models for trust propagation},
	Year = {2004}}

@inproceedings{advogato,
	Address = {San Antonio, Texas},
	Author = {R. Levien and A. Aiken},
	Booktitle = {The 7th USENIX Security Symposium},
	Date-Added = {2013-06-27 02:23:53 +0000},
	Date-Modified = {2013-06-27 17:12:14 +0000},
	Month = {January},
	Pages = {18-18},
	Publisher = {USENIX Association Berkeley},
	Title = {Attack-resistant trust metrics for public key certification},
	Volume = {7},
	Year = {1998}}

@inproceedings{trustdavis,
	Address = {Washington, DC},
	Author = {D. do B. DeFigueiredo and E. T. Barr},
	Booktitle = {The Seventh IEEE International Conference on E-Commerce Technology},
	Date-Added = {2013-06-27 02:19:52 +0000},
	Date-Modified = {2013-06-27 02:23:50 +0000},
	Pages = {274-283},
	Publisher = {IEEE Computer Society},
	Title = {Trustdavis: A non-exploitable online reputation system},
	Year = {2005}}

@article{Aral:2009,
	Author = {Sinan Aral and L Muchnik and A Sundararajan},
	Journal = {Proceedings of the National Academy of Sciences},
	Number = {51},
	Pages = {21544---21549},
	Title = {Distinguishing Influence Based Contagion from Homophily Driven Diffusion in Dynamic Networks},
	Volume = {106},
	Year = {2009}}

@inproceedings{Tang:2013,
	Address = {Rome, Italy},
	Author = {Jiliang Tang and Huiji Gao and Xia Hu and Huan Liu},
	Booktitle = {WSDM Conference on Web Search and Data Mining},
	Date-Modified = {2013-06-25 17:33:18 +0000},
	Publisher = {ACM Press},
	Title = {Exploiting Homophily Effect for Trust Prediction},
	Year = {2013}}

@incollection{Leeuw:77,
	Address = {Amsterdam},
	Author = {J De Leeuw},
	Booktitle = {Recent Developments in Stat.},
	Date-Added = {2013-03-11 00:52:53 +0000},
	Date-Modified = {2013-05-12 19:23:39 +0000},
	Editor = {J. Barra and F. Brodeau and F. Romier and B. Van Cutsem},
	Pages = {133-145},
	Publisher = {North-Holland},
	Title = {Applications of convex analysis to multidimensional scaling},
	Year = {1977}}

@incollection{Ames:2011,
	Address = {198 Madison Av., NY NY 10016.},
	Author = {D.L. Ames and S.T. Fiske and A.T Todorov},
	Booktitle = {The Oxford Handbook of Social Neuroscience},
	Editor = {J. Decety and J. Cacioppo},
	Pages = {419-433},
	Publisher = {Oxford University Press},
	Title = {Impression Formation: A Focus on Others' Intents},
	Year = {2011}}

@article{Fiske:2007,
	Author = {Susan T. Fiske and Amy J.C. Cuddy and Peter Glick},
	Journal = {Trends in Cognitive Sciences},
	Number = {2},
	Pages = {77 - 83},
	Title = {Universal dimensions of social cognition: warmth and competence},
	Volume = {11},
	Year = {2007}}

@book{Adali:2013,
	Address = {New York},
	Author = {Sibel Adal{\i}},
	Date-Modified = {2013-06-25 17:07:31 +0000},
	Publisher = {Springer Briefs},
	Title = {Modeling Trust Context in Networks},
	Year = {2013}}

@article{Cartwright:56,
	Author = {D. Cartwright and F. Harary},
	Journal = {Psychological Review},
	Number = {5},
	Pages = {277-293},
	Title = {Structural balance: a generalization of Heider's theory},
	Volume = {63},
	Year = {1956}}

@article{Davis:67,
	Author = {J. Davis},
	Date-Modified = {2013-06-25 17:13:42 +0000},
	Journal = {Human Relations},
	Number = {2},
	Pages = {181-187},
	Title = {Clustering and structural balance in graphs},
	Volume = {20},
	Year = {1967}}

@article{Doreian:02,
	Author = {P. Doreian},
	Journal = {Social Networks},
	Owner = {qiany3},
	Pages = {93-119},
	Timestamp = {2013.03.01},
	Title = {Event sequences as generators of social network evolution},
	Volume = {24},
	Year = {2002}}

@inproceedings{golbeck:distrust2011,
	Address = {Boston, MA},
	Author = {T. DuBois and J. Golbeck and A. Srinavasan},
	Booktitle = {IEEE Int. Conf. on Social Computing},
	Date-Modified = {2013-06-25 17:17:48 +0000},
	Publisher = {IEEE},
	Title = {Predicting Trust and Distrust in Social Networks},
	Year = {2011}}

@inproceedings{DuBois:2009,
	Address = {Milan, Italy},
	Author = {T. DuBois and J. Golbeck and A. Srinivasan},
	Booktitle = {Proc. of the 2009 WI-IAT Conf.},
	Date-Modified = {2013-06-25 17:18:38 +0000},
	Pages = {655--658},
	Publisher = {IEEE Computer Society},
	Title = {Rigorous probabilistic trust-inference with applications to clustering},
	Volume = {01},
	Year = {2009}}

@book{kleinberg-book,
	Address = {New York},
	Author = {David Easley and Jon Kleinberg},
	Date-Modified = {2013-06-25 17:20:52 +0000},
	Publisher = {Cambridge University Press},
	Title = {Networks, Crowds, and Markets: Reasoning About a Highly Connected World},
	Year = {2010}}

@article{Gansner:05,
	Author = {E. R. Gansner and Y. Koren and S. North},
	Journal = {J. Pach (Ed.), Graph Drawing, Lecture Notes in Computer Science},
	Pages = {239-250},
	Publisher = {Berlin/Heidelberg: Springer},
	Title = {Graph Drawing by Stress Majorization},
	Volume = {3383},
	Year = {2005}}

@article{Granovetter:1973,
	Author = {M. Granovetter},
	Issue = {6},
	Journal = {American Journal of Sociology},
	Pages = {1-22},
	Title = {The Strength of Weak Ties},
	Volume = {78},
	Year = {1973}}

@inproceedings{Guha:04,
	Address = {New York},
	Author = {R. Guha and R. Kumar and P. Raghavan and A. Tomkins},
	Booktitle = {WWW},
	Date-Modified = {2013-06-25 17:23:13 +0000},
	Pages = {403--412},
	Publisher = {ACM Press},
	Title = {Propagation of trust and distrust},
	Year = {2004}}

@article{Heider:46,
	Author = {F. Heider},
	Journal = {Journal of Psychology},
	Pages = {107-12},
	Title = {Attitudes and cognitive organization},
	Year = {1946}}

@inproceedings{Khoury:12,
	Author = {M. Khoury and Yifan Hu and Shankar Krishnan and Carlos Scheidegger},
	Booktitle = {EuroVis},
	Title = {Drawing Large Graphs by Low-Rank Stress Majorization},
	Year = {2012}}

@inproceedings{Leskovec:2010,
	Address = {New York},
	Author = {J. Leskovec and D. Huttenlocher and J. Kleinberg},
	Booktitle = {WWW},
	Date-Modified = {2013-06-25 17:26:35 +0000},
	Pages = {641--650},
	Publisher = {ACM Press},
	Title = {Predicting positive and negative links in online social networks},
	Year = {2010}}

@inproceedings{Kleinberg:03,
	Address = {New York},
	Author = {D. Liben-Nowell and J. Kleinberg},
	Booktitle = {CIKM},
	Date-Modified = {2013-06-25 17:31:55 +0000},
	Pages = {556-559},
	Publisher = {ACM Press},
	Title = {The link prediction problem for social networks},
	Year = {2003}}

@article{Tomasello:2005,
	Author = {Tomasello,Michael and Carpenter,Malinda and Call,Josep and Behne,Tanya and Moll,Henrike},
	Journal = {Behavioral and Brain Sciences},
	Number = {5},
	Pages = {675-91},
	Title = {Understanding and sharing intentions: The origins of cultural cognition},
	Volume = {28},
	Year = {2005}}

@article{Uzzi:1996,
	Author = {Brian Uzzi},
	Issue = {4},
	Journal = {American sociological review},
	Pages = {674-698},
	Title = {The sources and consequences of embeddedness for the economic performance of organizations: The network effect.},
	Volume = {61},
	Year = {1996}}
